@article{najfeld1995derivatives,
	title={Derivatives of the matrix exponential and their computation},
	author={Najfeld, Igor and Havel, Timothy F},
	journal={Advances in applied mathematics},
	volume={16},
	number={3},
	pages={321--375},
	year={1995},
	publisher={Elsevier}
}