@article{najfeld1995derivatives,
	title={Derivatives of the matrix exponential and their computation},
	author={Najfeld, Igor and Havel, Timothy F},
	journal={Advances in applied mathematics},
	volume={16},
	number={3},
	pages={321--375},
	year={1995},
	publisher={Elsevier}
}

@techreport{volkin1968iterated,
	title={Iterated commutators and functions of operators},
	author={Volkin, HC},
	year={1968}
}

@article{al2009computing,
	title={Computing the Fr{\'e}chet derivative of the matrix exponential, with an application to condition number estimation},
	author={Al-Mohy, Awad H and Higham, Nicholas J},
	journal={SIAM Journal on Matrix Analysis and Applications},
	volume={30},
	number={4},
	pages={1639--1657},
	year={2009},
	publisher={SIAM}
}

@article{wu2010short,
	title={A short note on the Frobenius norm of the commutator},
	author={Wu, Yan-Dong and Liu, Xu-Qing},
	journal={Mathematical Notes},
	volume={87},
	number={5},
	pages={903--907},
	year={2010},
	publisher={Springer}
}